@book{guillemin2010differential,
  title={Differential Topology},
  author={Guillemin, V. and Pollack, A.},
  isbn={9780821851937},
  lccn={2010011053},
  series={AMS Chelsea Publishing},
  url={https://books.google.com/books?id=FdRhAQAAQBAJ},
  year={2010},
  publisher={AMS Chelsea Pub.}
}

@book{milnor1997topology,
	title={Topology from the Differentiable Viewpoint},
	author={Milnor, J.W. and Weaver, D.W.},
	isbn={9780691048338},
	lccn={97030986},
	series={Princeton Landmarks in Mathematics},
	url={https://books.google.com/books?id=BaQYYJp84cYC},
	year={1997},
	publisher={Princeton University Press}
}

@misc{0910.3518,
	Author = {Dominic Joyce},
	Title = {On manifolds with corners},
	Year = {2009},
	Eprint = {arXiv:0910.3518},
}

@book{lee2013introduction,
  title={Introduction to Smooth Manifolds},
  author={Lee, J.M.},
  isbn={9780387217529},
  lccn={2002070454},
  series={Graduate Texts in Mathematics},
  url={https://books.google.com/books?id=w4bhBwAAQBAJ},
  year={2013},
  publisher={Springer New York}
}
